<?xml version="1.0" encoding="UTF-8"?><collection xmlns="http://www.loc.gov/MARC21/slim"><record><leader>00669nam--2200205-i-4500</leader><controlfield tag="001">000043810</controlfield><controlfield tag="002">20161230</controlfield><controlfield tag="005">20161230201044</controlfield><controlfield tag="008">060222s1000------------r-----000-0-eng-d</controlfield><datafield ind1=" " ind2=" " tag="020"><subfield code="a">0306405652</subfield></datafield><datafield ind1=" " ind2=" " tag="040"><subfield code="a">IFIN-HH</subfield></datafield><datafield ind1=" " ind2=" " tag="080"><subfield code="a">539.12.162.8</subfield></datafield><datafield ind1="1" ind2=" " tag="100"><subfield code="a">Kursunoglu, Behram</subfield></datafield><datafield ind1="1" ind2="0" tag="245"><subfield code="a">Orbis scientiae. recent developments in high energy physics</subfield><subfield code="b">Studies in the natural sciences. volume 17</subfield><subfield code="c">Behram kursunoglu (chairman) arnold perlmutter, linda f. scott (eds.)</subfield></datafield><datafield ind1=" " ind2=" " tag="260"><subfield code="a">New York</subfield><subfield code="b">Plenum Press</subfield><subfield code="c">1980</subfield></datafield><datafield ind1=" " ind2=" " tag="300"><subfield code="a">311P</subfield></datafield><datafield ind1=" " ind2=" " tag="490"><subfield code="a">Studies In The Natural Sciences</subfield></datafield><datafield ind1="1" ind2=" " tag="700"><subfield code="a">Scott, Linda F</subfield><subfield code="e">Ed</subfield></datafield><datafield ind1=" " ind2=" " tag="852"><subfield code="a">46547</subfield><subfield code="c">539</subfield></datafield><datafield ind1=" " ind2=" " tag="CAT"><subfield code="a">Sys</subfield><subfield code="c">20111011</subfield><subfield code="h">164330</subfield></datafield></record></collection>